<?xml version="1.0" encoding="UTF-8"?><collection xmlns="http://www.loc.gov/MARC21/slim"><record><leader>00371nam--2200133-i-4500</leader><controlfield tag="001">000049908</controlfield><controlfield tag="002">20161230</controlfield><controlfield tag="005">20161230201047</controlfield><controlfield tag="008">060222s1000------------r-----000-0-eng-d</controlfield><datafield ind1=" " ind2=" " tag="080"><subfield code="a">535.14:530.145</subfield></datafield><datafield ind1=" " ind2=" " tag="100"><subfield code="a">Ahiezer, A.I., Beresteckii, V.B</subfield></datafield><datafield ind1=" " ind2=" " tag="245"><subfield code="a">Kvantovaia elektrodinamika. izdanie vtoroe pererab</subfield></datafield><datafield ind1=" " ind2=" " tag="260"><subfield code="a">Moskva, Fizmatgiz, 1959, 656s., 120ris</subfield></datafield><datafield ind1=" " ind2=" " tag="852"><subfield code="a">6337</subfield></datafield></record></collection>